@article{Adler2017,
	title={Learning to solve inverse problems using Wasserstein loss},
	author={Adler, Jonas and Ringh, Axel and {\"O}ktem, Ozan and Karlsson, Johan},
	journal={arXiv preprint arXiv:1710.10898},
	year={2017}
}
@article{Alvarez-Esteban2012,
	title={Similarity of samples and trimming},
	author={{\'A}lvarez-Esteban, Pedro C. and Del Barrio, Eustasio and Cuesta-Albertos, Juan A. and Matr{\'a}n, Carlos},
	journal={Bernoulli},
	volume={18},
	number={2},
	pages={606--634},
	year={2012}
}
@article{Alvarez-Esteban2016,
	title={A contamination model for the stochastic order},
	author={{\'A}lvarez-Esteban, Pedro C. and del Barrio, E and Cuesta-Albertos, JA and Matr{\'a}n, C and others},
	journal={TEST: An Official Journal of the Spanish Society of Statistics and Operations Research},
	volume={25},
	number={4},
	pages={751--774},
	year={2016},
	publisher={Springer \& Sociedad de Estad{\'\i}stica e Investigaci{\'o}n Operativa}
}
@article{Anderson&Darling1954,
	title={A test of goodness of fit},
	author={Anderson, Theodore W and Darling, Donald A},
	journal={Journal of the American statistical association},
	volume={49},
	number={268},
	pages={765--769},
	year={1954},
	publisher={Taylor \& Francis}
}
@inproceedings{Arjovsky2017,
	title={Wasserstein generative adversarial networks},
	author={Arjovsky, Martin and Chintala, Soumith and Bottou, L{\'e}on},
	booktitle={International Conference on Machine Learning},
	pages={214--223},
	year={2017},
	organization={PMLR}
}
@article{Aronszajn1950,
	title={Theory of reproducing kernels},
	author={Aronszajn, Nachman},
	journal={Transactions of the American mathematical society},
	volume={68},
	number={3},
	pages={337--404},
	year={1950}
}
@article{Baillo2019,
	title={New distance measures for classifying X-ray astronomy data into stellar classes},
	author={Ba{\'i}llo, Amparo and C{\'a}rcamo, Javier and Getman, Konstantin},
	journal={Advances in Data Analysis and Classification},
	volume={13},
	number={2},
	pages={531--557},
	year={2019},
	publisher={Springer}
}
@inproceedings{Balikas2018,
	title={Cross-lingual document retrieval using regularized wasserstein distance},
	author={Balikas, Georgios and Laclau, Charlotte and Redko, Ievgen and Amini, Massih-Reza},
	booktitle={Advances in Information Retrieval: 40th European Conference on IR Research, ECIR 2018, Grenoble, France, March 26-29, 2018, Proceedings 40},
	pages={398--410},
	year={2018},
	organization={Springer}
}
@book{Banach1932,
	title={Th{\'e}orie des op{\'e}rations lin{\'e}aires},
	author={Banach, Stefan},
	year={1932}
}
@article{delBarrio2020,
	title={On approximate validation of models: a Kolmogorov--Smirnov-based approach},
	author={del Barrio, Eustasio and Inouzhe, Hristo and Matr{\'a}n, Carlos},
	journal={TEST},
	volume={29},
	number={4},
	pages={938--965},
	year={2020},
	publisher={Springer}
}
@article{delBarrio2024,
	title={Central limit theorems for semi-discrete Wasserstein distances},
	author={del Barrio, Eustasio and Gonz{\'a}lez Sanz, Alberto and Loubes, Jean-Michel},
	journal={Bernoulli},
	volume={30},
	number={1},
	pages={554--580},
	year={2024},
	publisher={Bernoulli Society for Mathematical Statistics and Probability}
}
@article{Bay&Croix2017,
	title={Karhunen-Lo\`eve decomposition of Gaussian measures on Banach spaces},
	author={Bay, Xavier and Croix, Jean-Charles},
	journal={arXiv preprint arXiv:1704.01448},
	year={2017}
}
@article{Beare&Fang2017,
	title={Weak convergence of the least concave majorant of estimators for a concave distribution function},
	author={Beare, Brendan K and Fang, Zheng},
	journal={Electronic Journal of Statistics},
	volume={11},
	pages={3841--3870},
	year={2017}
}
@inproceedings{Ben-David2006,
	title={A sober look at clustering stability},
	author={Ben-David, Shai and Von Luxburg, Ulrike and P{\'a}l, D{\'a}vid},
	booktitle={Learning Theory: 19th Annual Conference on Learning Theory, COLT 2006, Pittsburgh, PA, USA, June 22-25, 2006. Proceedings 19},
	pages={5--19},
	year={2006},
	organization={Springer}
}
@inproceedings{Ben-David2007,
	title={Stability of $k$-means clustering},
	author={Ben-David, Shai and P{\'a}l, D{\'a}vid and Simon, Hans Ulrich},
	booktitle={Learning Theory: 20th Annual Conference on Learning Theory, COLT 2007, San Diego, CA, USA; June 13-15, 2007. Proceedings 20},
	pages={20--34},
	year={2007},
	organization={Springer}
}
@article{Berk&Jones1979,
	title={Goodness-of-fit test statistics that dominate the Kolmogorov statistics},
	author={Berk, Robert H and Jones, Douglas H},
	journal={Zeitschrift f{\"u}r Wahrscheinlichkeitstheorie und verwandte Gebiete},
	volume={47},
	number={1},
	pages={47--59},
	year={1979},
	publisher={Springer}
}
@book{Berlinet&Thomas-Agnan2011,
	title={Reproducing kernel Hilbert spaces in probability and statistics},
	author={Berlinet, Alain and Thomas-Agnan, Christine},
	year={2011},
	publisher={Springer Science \& Business Media}
}
@article{Berrendero2016,
	author = {J.R. Berrendero, A. Cuevas and J.L. Torrecilla},
	title = {The mRMR variable selection method: a comparative study for functional data},
	journal = {Journal of Statistical Computation and Simulation},
	volume = {86},
	number = {5},
	pages = {891-907},
	year = {2016},
	publisher = {Taylor & Francis},
	doi = {10.1080/00949655.2015.1042378},
	URL = {https://doi.org/10.1080/00949655.2015.1042378},
	eprint = {https://doi.org/10.1080/00949655.2015.1042378}
}
@article{Berrendero2019,
	title={An RKHS model for variable selection in functional linear regression},
	author={Berrendero, Jos{\'e} R and Bueno-Larraz, Beatriz and Cuevas, Antonio},
	journal={Journal of Multivariate Analysis},
	volume={170},
	pages={25--45},
	year={2019},
	publisher={Elsevier}
}
@article{Berrendero2020,
	title={On Mahalanobis distance in functional settings},
	author={Berrendero, Jos{\'e} R and Bueno-Larraz, Beatriz and Cuevas, Antonio},
	journal={The Journal of Machine Learning Research},
	volume={21},
	number={1},
	pages={288--320},
	year={2020},
	publisher={JMLRORG}
}
@article{Bickel&Wichura1971,
	title={Convergence criteria for multiparameter stochastic processes and some applications},
	author={Bickel, Peter J and Wichura, Michael J},
	journal={The Annals of Mathematical Statistics},
	volume={42},
	number={5},
	pages={1656--1670},
	year={1971},
	publisher={Institute of Mathematical Statistics}
}
@book{Billingsley2013,
	title={Convergence of probability measures},
	author={Billingsley, Patrick},
	year={2013},
	publisher={John Wiley \& Sons}
}
@book{Bogachev1998,
	title={Gaussian measures},
	author={Bogachev, Vladimir Igorevich},
	number={62},
	year={1998},
	publisher={American Mathematical Soc.}
}
@article{Borgwardt2006,
	title={Integrating structured biological data by kernel maximum mean discrepancy},
	author={Borgwardt, Karsten M and Gretton, Arthur and Rasch, Malte J and Kriegel, Hans-Peter and Sch{\"o}lkopf, Bernhard and Smola, Alex J},
	journal={Bioinformatics},
	volume={22},
	number={14},
	pages={e49--e57},
	year={2006},
	publisher={Oxford University Press}
}
@book{Brezis2010,
	title={Functional analysis, Sobolev spaces and partial differential equations},
	author={Brezis, Haim and Br{\'e}zis, Haim},
	volume={2},
	number={3},
	year={2011},
	publisher={Springer}
}
@book{Burago2022,
	title={A course in metric geometry},
	author={Burago, Dmitri and Burago, Yuri and Ivanov, Sergei},
	volume={33},
	year={2022},
	publisher={American Mathematical Society}
}
@article{Burke1979,
	title={Approximations of the empirical process when parameters are estimated},
	author={Burke, MD and Csorgo, M and Csorgo, S and R{\'e}v{\'e}sz, P},
	journal={The Annals of Probability},
	pages={790--810},
	year={1979},
	publisher={JSTOR}
}
@article{Caponnetto&Rakhlin2006,
	title={Stability Properties of Empirical Risk Minimization over {D}onsker Classes.},
	author={Caponnetto, Andrea and Rakhlin, Alexander},
	journal={Journal of Machine Learning Research},
	volume={7},
	number={12},
	year={2006}
}
@article{Caponnetto&Rakhlin2006a,
	title={Stability of $k$-means clustering},
	author={Rakhlin, Alexander and Caponnetto, Andrea},
	journal={Advances in neural information processing systems},
	volume={19},
	year={2006}
}
@article{Carcamo2017,
	title={Integrated empirical processes in {$\operatorname{L}^{p}$} with applications to estimate probability metrics},
	author={C{\'a}rcamo, Javier},
	journal={Convergence of sequential quasi-Monte Carlo smoothing algorithms},
	volume={23},
	number={4B},
	pages={3412--3436},
	year={2017}
}
@article{Carcamo2020,
	title={Directional differentiability for supremum-type functionals: Statistical applications},
	author={C{\'a}rcamo, Javier and Cuevas, Antonio and Rodr{\'i}guez, Luis-Alberto},
	journal={Bernoulli},
	volume={26},
	number={3},
	pages={2143--2175},
	year={2020}
}
@article{Carcamo2024,
	title = {A uniform kernel trick for high and infinite-dimensional two-sample problems},
	journal = {Journal of Multivariate Analysis},
	volume = {202},
	pages = {105317},
	year = {2024},
	issn = {0047-259X},
	doi = {https://doi.org/10.1016/j.jmva.2024.105317},
	url = {https://www.sciencedirect.com/science/article/pii/S0047259X24000241},
	author = {Javier Cárcamo and Antonio Cuevas and Luis-Alberto Rodríguez},
	keywords = {Homogeneity test, Reproducing kernel Hilbert spaces, Supremum-like distances},
	abstract = {We use a suitable version of the so-called ”kernel trick” to devise two-sample tests, especially focussed on high-dimensional and functional data. Our proposal entails a simplification of the practical problem of selecting an appropriate kernel function. Specifically, we apply a uniform variant of the kernel trick which involves the supremum within a class of kernel-based distances. We obtain the asymptotic distribution of the test statistic under the null and alternative hypotheses. The proofs rely on empirical processes theory, combined with the delta method and Hadamard directional differentiability techniques, and functional Karhunen–Loève-type expansions of the underlying processes. This methodology has some advantages over other standard approaches in the literature. We also give some experimental insight into the performance of our proposal compared to other kernel-based approaches (the original proposal by Borgwardt et al. (2006) and some variants based on splitting methods) as well as tests based on energy distances (Rizzo and Székely, 2017).}
}
@article{Carcamo2025,
	title={On uniqueness of the set of k-means},
	author={C{\'a}rcamo, Javier and Cuevas, Antonio and Rodr{\'\i}guez, Luis A},
	journal={arXiv preprint arXiv:2410.13495},
	year={2024b}
}
@article{Carlier&Laborde2020,
	title={A differential approach to the multi-marginal {S}chrödinger system},
	author={Carlier, Guillaume and Laborde, Maxime},
	journal={SIAM Journal on Mathematical Analysis},
	volume={52},
	number={1},
	pages={709--717},
	year={2020},
	publisher={SIAM}
}
@article{Clarkson1936,
	title={Uniformly convex spaces},
	author={Clarkson, James A},
	journal={Transactions of the American Mathematical Society},
	volume={40},
	number={3},
	pages={396--414},
	year={1936}
}
@book{Conway2019,
	title={A course in functional analysis},
	author={Conway, John B},
	volume={96},
	year={2019},
	publisher={Springer}
}
@article{Cox2020,
	title={Almost sure uniqueness of a global minimum without convexity},
	author={Cox, Gregory},
	journal={Annals of statistics},
	volume={48},
	number={1},
	pages={584--606},
	year={2020}
}
@article{Cuesta&Matran1988,
	title={The strong law of large numbers for k-means and best possible nets of Banach valued random variables},
	author={Cuesta, JA and Matr{\'a}n, C},
	journal={Probability theory and related fields},
	volume={78},
	number={4},
	pages={523--534},
	year={1988},
	publisher={Springer}
}
@article{Cuesta2007,
	title={A sharp form of the Cram{\'e}r--Wold theorem},
	author={Cuesta-Albertos, Juan Antonio and Fraiman, Ricardo and Ransford, Thomas},
	journal={Journal of Theoretical Probability},
	volume={20},
	number={2},
	pages={201--209},
	year={2007},
	publisher={Springer}
}
@article{Cuevas&Walter1992,
	author = {Antonio Cuevas and Gilbert G. Walter},
	title = {On estimation of generalized densities},
	journal = {Communications in Statistics - Theory and Methods},
	volume = {21},
	number = {7},
	pages = {1807-1821},
	year = {1992},
	publisher = {Taylor & Francis},
	doi = {10.1080/03610929208830881},
	URL = {https://doi.org/10.1080/03610929208830881},
	eprint = {https://doi.org/10.1080/03610929208830881}
}
@article{Cuevas2004,
	title={An anova test for functional data},
	author={Cuevas, Antonio and Febrero, Manuel and Fraiman, Ricardo},
	journal={Computational statistics \& data analysis},
	volume={47},
	number={1},
	pages={111--122},
	year={2004},
	publisher={Elsevier}
}
@article{Cuturi2013,
	title={Sinkhorn distances: Lightspeed computation of optimal transport},
	author={Cuturi, Marco},
	journal={Advances in {N}eural {I}nformation {P}rocessing {S}ystems},
	volume={26},
	year={2013}
}
@article{Cuturi&Peyre2019,
	url = {http://dx.doi.org/10.1561/2200000073},
	year = {2019},
	volume = {11},
	journal = {Foundations and Trends® in Machine Learning},
	title = {Computational Optimal Transport: With Applications to Data Science},
	doi = {10.1561/2200000073},
	issn = {1935-8237},
	number = {5-6},
	pages = {355-607},
	author = {Marco Cuturi and Gabriel Peyré}
}
@book{DasGupta2008,
	title={Asymptotic theory of statistics and probability},
	author={DasGupta, Anirban},
	volume={180},
	year={2008},
	publisher={Springer}
}
@book{Debnath&Mikusinski2005,
	title={Introduction to Hilbert spaces with applications},
	author={Debnath, Lokenath and Mikusinski, Piotr},
	year={2005},
	publisher={Academic press}
}
@book{Denuit2006,
	title={Actuarial theory for dependent risks: measures, orders and models},
	author={Denuit, Michel and Dhaene, Jan and Goovaerts, Marc and Kaas, Rob},
	year={2006},
	publisher={John Wiley \& Sons}
}
@article{Dette2018,
	title={Equivalence of regression curves},
	author={Dette, Holger and M{\"o}llenhoff, Kathrin and Volgushev, Stanislav and Bretz, Frank},
	journal={Journal of the American Statistical Association},
	volume={113},
	number={522},
	pages={711--729},
	year={2018},
	publisher={Taylor \& Francis}
}
@article{Dette&Kokot2022,
	title={Detecting relevant differences in the covariance operators of functional time series: a sup-norm approach},
	author={Dette, Holger and Kokot, Kevin},
	journal={Annals of the Institute of Statistical Mathematics},
	volume={74},
	number={2},
	pages={195--231},
	year={2022},
	publisher={Springer}
}
@book{Dudley1999,
	title={Uniform central limit theorems},
	author={Dudley, Richard M.},
	volume={142},
	year={2014},
	publisher={Cambridge university press}
}
@book{Dudley2002,
	title={Real Analysis and Probability},
	author={Dudley, Richard M.},
	isbn={9780521007542},
	lccn={2002073698},
	series={Cambridge Studies in Advanced Mathematics},
	%	url={https://books.google.es/books?id=7UuT7UZViN0C},
	year={2002},
	publisher={Cambridge University Press}
}
@article{Dumbgen1993,
	title={On nondifferentiable functions and the bootstrap},
	author={D{\"u}mbgen, Lutz},
	journal={Probability Theory and Related Fields},
	volume={95},
	pages={125--140},
	year={1993},
	publisher={Springer}
}
@article{Durbin1973,
	title={Weak convergence of the sample distribution function when parameters are estimated},
	author={Durbin, James},
	journal={The Annals of Statistics},
	pages={279--290},
	year={1973},
	publisher={JSTOR}
}
@article{Fang&Santos2019,
	title={Inference on directionally differentiable functions},
	author={Fang, Zheng and Santos, Andres},
	journal={The Review of Economic Studies},
	volume={86},
	number={1},
	pages={377--412},
	year={2019},
	publisher={Oxford University Press}
}
@book{El-Fallah2014,
	title={A primer on the Dirichlet space},
	author={El-Fallah, Omar and Kellay, Karim and Mashreghi, Javad and Ransford, Thomas},
	volume={203},
	year={2014},
	publisher={Cambridge University Press}
}
@inproceedings{Fermanian2013,
	title={An overview of the goodness-of-fit test problem for copulas},
	author={Fermanian, Jean-David},
	booktitle={Copulae in Mathematical and Quantitative Finance: Proceedings of the Workshop Held in Cracow, 10-11 July 2012},
	pages={61--89},
	year={2013},
	organization={Springer}
}
@book{Fernholz1983,
	author={Fernholz, Luisa Turrin},
	title={Von Mises calculus for statistical functionals},
	volume={19},
	year={1983},
	publisher={Springer Science \& Business Media}
}
@article{Ferradans2014,
	title={Regularized discrete optimal transport},
	author={Ferradans, Sira and Papadakis, Nicolas and Peyr{\'e}, Gabriel and Aujol, Jean-Fran{\c{c}}ois},
	journal={SIAM Journal on Imaging Sciences},
	volume={7},
	number={3},
	pages={1853--1882},
	year={2014},
	publisher={SIAM}
}
@article{Filippova1962,
	title={Mises’ theorem on the asymptotic behavior of functionals of empirical distribution functions and its statistical applications},
	author={Filippova, AA},
	journal={Theory of Probability \& Its Applications},
	volume={7},
	number={1},
	pages={24--57},
	year={1962},
	publisher={SIAM}
}
@article{Fisher1922,
	title={On the mathematical foundations of theoretical statistics},
	author={Fisher, Ronald A},
	journal={Philosophical transactions of the Royal Society of London. Series A, containing papers of a mathematical or physical character},
	volume={222},
	number={594-604},
	pages={309--368},
	year={1922},
	publisher={The Royal Society London}
}
@book{Folland2013,
	title={Real analysis: modern techniques and their applications},
	author={Folland, Gerald B},
	volume={40},
	year={1999},
	publisher={John Wiley \& Sons}
}
@inproceedings{Fortet&Mourier1953,
	title={Convergence de la r{\'e}partition empirique vers la r{\'e}partition th{\'e}orique},
	author={Fortet, Robert and Mourier, Edith},
	booktitle={Annales scientifiques de l'{\'E}cole Normale Sup{\'e}rieure},
	volume={70},
	number={3},
	pages={267--285},
	year={1953}
}
@article{Freitag2006,
	title={Non-parametric assessment of non-inferiority with censored data},
	author={Freitag, Gudrun and Lange, Stefan and Munk, Axel},
	journal={Statistics in medicine},
	volume={25},
	number={7},
	pages={1201--1217},
	year={2006},
	publisher={Wiley Online Library}
}
@article{Fukumizu2008,
	title={Kernel measures of conditional dependence},
	author={Fukumizu, Kenji and Gretton, Arthur and Sun, Xiaohai and Sch{\"o}lkopf, Bernhard},
	journal={Advances in neural information processing systems},
	volume={20},
	year={2007}
}
@article{Fukumizu2009,
	title={Kernel choice and classifiability for RKHS embeddings of probability distributions},
	author={Fukumizu, Kenji and Gretton, Arthur and Lanckriet, Gert and Sch{\"o}lkopf, Bernhard and Sriperumbudur, Bharath K},
	journal={Advances in neural information processing systems},
	volume={22},
	year={2009}
}
@book{Galichon2018,
	title={Optimal {T}ransport {M}ethods in {E}conomics},
	author={Galichon, Alfred},
	year={2018},
	publisher={Princeton University Press}
}
@article{Garcia-Escudero1999,
	title={A central limit theorem for multivariate generalized trimmed k-means},
	author={Garc{\'\i}a-Escudero, Luis A and Gordaliza, Alfonso and Matr{\'a}n, Carlos},
	journal={Annals of statistics},
	pages={1061--1079},
	year={1999},
	publisher={JSTOR}
}
@article{Genest&Neslehova2014,
	title={On tests of radial symmetry for bivariate copulas},
	author={Genest, Christian and Ne{\v{s}}lehov{\'a}, Johanna G},
	journal={Statistical Papers},
	volume={55},
	pages={1107--1119},
	year={2014},
	publisher={Springer}
}
@article{Genevay2016,
	title={Stochastic optimization for large-scale optimal transport},
	author={Genevay, Aude and Cuturi, Marco and Peyr{\'e}, Gabriel and Bach, Francis},
	journal={Advances in neural information processing systems},
	volume={29},
	year={2016}
}
@inproceedings{Genevay2019,
	title={Sample complexity of {S}inkhorn divergences},
	author={Genevay, Aude and Chizat, L{\'e}naic and Bach, Francis and Cuturi, Marco and Peyr{\'e}, Gabriel},
	booktitle={The 22nd {I}nternational {C}onference on {A}rtificial {I}ntelligence and {S}tatistics},
	pages={1574--1583},
	year={2019},
	organization={PMLR}
}
@article{Gibbs&Su2002,
	title={On choosing and bounding probability metrics},
	author={Gibbs, Alison L and Su, Francis Edward},
	journal={International statistical review},
	volume={70},
	number={3},
	pages={419--435},
	year={2002},
	publisher={Wiley Online Library}
}
@article{Gine&Nickl2008a,
	title={Adaptation on the space of finite signed measures},
	author={Gin{\'e}, Evarist and Nickl, Richard},
	journal={Mathematical Methods of Statistics},
	volume={17},
	pages={113--122},
	year={2008},
	publisher={Springer}
}
@article{Gine&Nickl2008b,
	title={Uniform central limit theorems for kernel density estimators},
	author={Gin{\'e}, Evarist and Nickl, Richard},
	journal={Probability Theory and Related Fields},
	volume={141},
	number={3-4},
	pages={333--387},
	year={2008},
	publisher={Springer}
}
@book{Gine&Nickl2021,
	title={Mathematical foundations of infinite-dimensional statistical models},
	author={Gin{\'e}, Evarist and Nickl, Richard},
	year={2021},
	edition={2},
	publisher={Cambridge university press}
}
@article{Goldfeld2024,
	title={Limit theorems for entropic optimal transport maps and Sinkhorn divergence},
	author={Goldfeld, Ziv and Kato, Kengo and Rioux, Gabriel and Sadhu, Ritwik},
	journal={Electronic Journal of Statistics},
	volume={18},
	number={1},
	pages={980--1041},
	year={2024},
	publisher={The Institute of Mathematical Statistics and the Bernoulli Society}
}
@article{Gonzalez2022,
	title={Weak limits of entropy regularized optimal transport; potentials, plans and divergences},
	author={Gonzalez-Sanz, Alberto and Loubes, Jean-Michel and Niles-Weed, Jonathan},
	journal={arXiv preprint arXiv:2207.07427},
	year={2022}
}
@article{Gonzalez&Hundrieser2023,
	title={Weak limits for empirical entropic optimal transport: Beyond smooth costs},
	author={Gonz{\'a}lez-Sanz, Alberto and Hundrieser, Shayan},
	journal={arXiv preprint arXiv:2305.09745},
	year={2023}
}
@article{Gretton2006,
	title={A kernel method for the two-sample-problem},
	author={Gretton, Arthur and Borgwardt, Karsten and Rasch, Malte and Sch{\"o}lkopf, Bernhard and Smola, Alex},
	journal={Advances in neural information processing systems},
	volume={19},
	year={2006}
}
@article{Gretton2007,
	title={A kernel statistical test of independence},
	author={Gretton, Arthur and Fukumizu, Kenji and Teo, Choon and Song, Le and Sch{\"o}lkopf, Bernhard and Smola, Alex},
	journal={Advances in neural information processing systems},
	volume={20},
	year={2007}
}
@article{Gretton2012a,
	title={Optimal kernel choice for large-scale two-sample tests},
	author={Gretton, Arthur and Sejdinovic, Dino and Strathmann, Heiko and Balakrishnan, Sivaraman and Pontil, Massimiliano and Fukumizu, Kenji and Sriperumbudur, Bharath K},
	journal={Advances in neural information processing systems},
	volume={25},
	year={2012}
}
@article{Gretton2012b,
	title={A kernel two-sample test},
	author={Gretton, Arthur and Borgwardt, Karsten M and Rasch, Malte J and Sch{\"o}lkopf, Bernhard and Smola, Alexander},
	journal={The Journal of Machine Learning Research},
	volume={13},
	number={1},
	pages={723--773},
	year={2012},
	publisher={JMLR. org}
}
@article{Hall2007,
	title={Two-sample tests in functional data analysis starting from discrete data},
	author={Hall, Peter and Van Keilegom, Ingrid},
	journal={Statistica Sinica},
	pages={1511--1531},
	year={2007},
	publisher={JSTOR}
}
@book{Hampel2011,
	title={Robust Statistics: The Approach Based on Influence Functions},
	author={Hampel, F.R. and Ronchetti, E.M. and Rousseeuw, P.J. and Stahel, W.A.},
	isbn={9781118150689},
	series={Wiley Series in Probability and Statistics},
	%	url={https://books.google.es/books?id=XK3uhrVefXQC},
	year={2011},
	publisher={Wiley}
}
@book{Hastie2001,
	title={The elements of statistical learning: data mining, inference, and prediction},
	author={Hastie, Trevor and Tibshirani, Robert and Friedman, Jerome},
	volume={2},
	year={2001},
	publisher={Springer}
}
@article{Hille&Phillips1957,
	title={Functional analysis and semigroups, AMS Colloq},
	author={Hille, E and Phillips, RS},
	journal={Public. XXXI. The Russian translation:(1962), Funktsionalnyi analiz i polugruppy. M},
	year={1957}
}
@article{Hjort1990,
	title={Goodness of fit tests in models for life history data based on cumulative hazard rates},
	author={Hjort, Nils Lid},
	journal={The Annals of Statistics},
	pages={1221--1258},
	year={1990},
	publisher={JSTOR}
}
@book{Hsing&Eubank2015,
	title={Theoretical foundations of functional data analysis, with an introduction to linear operators},
	author={Hsing, Tailen and Eubank, Randall},
	volume={997},
	year={2015},
	publisher={John Wiley \& Sons}
}
@book{Huber2004,
	title={Robust Statistics},
	author={Peter J. Huber},
	isbn={9780471650720},
	lccn={2004266770},
	series={Wiley Series in Probability and Statistics - Applied Probability and Statistics Section Series},
	%	url={https://books.google.es/books?id=e62RhdqIdMkC},
	year={2004},
	edition={2},
	publisher={Wiley}
}
@incollection{Huber2011,
	title={Robust statistics},
	author={Huber, Peter J},
	booktitle={International encyclopedia of statistical science},
	pages={1248--1251},
	year={2011},
	publisher={Springer}
}
@article{Hundrieser2022,
	title={Unbalanced Kantorovich-Rubinstein distance, plan, and barycenter on finite spaces: A statistical perspective},
	author={Hundrieser, Shayan and Heinemann, Florian and Klatt, Marcel and Struleva, Marina and Munk, Axel},
	journal={arXiv preprint arXiv:2211.08858},
	year={2022}
}
@article{Hundrieser2024,
	title={A unifying approach to distributional limits for empirical optimal transport},
	author={Hundrieser, Shayan and Klatt, Marcel and Munk, Axel and Staudt, Thomas},
	journal={Bernoulli},
	volume={30},
	number={4},
	pages={2846--2877},
	year={2024},
	publisher={Bernoulli Society for Mathematical Statistics and Probability}
}
@article{Jager&Wellner2004,
	title={On the \enquote{Poisson boundaries} of the family of weighted Kolmogorov statistics},
	author={Jager, Leah and Wellner, Jon A},
	journal={Lecture Notes-Monograph Series},
	pages={319--331},
	year={2004},
	publisher={JSTOR}
}
@article{Jager&Wellner2007,
	title={Goodness-of-fit tests via phi-divergences},
	author={Jager, Leah and Wellner, Jon A},
	journal={Annals of Statistics},
	volume={35},
	number={5},
	pages={2018--2053},
	year={2007},
	publisher={Institute of Mathematical Statistics}
}
@inproceedings{Jain2008,
	title={Data clustering: 50 years beyond k-means},
	author={Jain, Anil K},
	booktitle={Joint European Conference on Machine Learning and Knowledge Discovery in Databases},
	pages={3--4},
	year={2008},
	organization={Springer}
}
@book{Janson1997,
	title={Gaussian {H}ilbert spaces},
	author={Janson, Svante},
	number={129},
	year={1997},
	publisher={Cambridge university press}
}
@article{Jarque&Bera1987,
	title={A test for normality of observations and regression residuals},
	author={Jarque, Carlos M and Bera, Anil K},
	journal={International Statistical Review/Revue Internationale de Statistique},
	pages={163--172},
	year={1987},
	publisher={JSTOR}
}
@article{Kallianpur&Radhakrishna1955,
	title={On Fisher's lower bound to asymptotic variance of a consistent estimate},
	author={Kallianpur, G and Rao, C Radhakrishna},
	journal={Sankhy{\=a}: The Indian Journal of Statistics (1933-1960)},
	volume={15},
	number={4},
	pages={331--342},
	year={1955},
	publisher={JSTOR}
}
@inproceedings{Kantorovich1942,
	title={On the translocation of masses},
	author={Kantorovich, Leonid V},
	booktitle={Dokl. Akad. Nauk. USSR (NS)},
	volume={37},
	pages={199--201},
	year={1942}
}
@book{Kelley2017,
	title={General topology},
	author={Kelley, John L},
	year={2017},
	publisher={Courier Dover Publications}
}
@article{Klatt2020,
	title={Empirical regularized optimal transport: Statistical theory and applications},
	author={Klatt, Marcel and Tameling, Carla and Munk, Axel},
	journal={SIAM Journal on Mathematics of Data Science},
	volume={2},
	number={2},
	pages={419--443},
	year={2020},
	publisher={SIAM}
}
@article{Kovacs2024,
	title={Optimistic Search: Change Point Estimation for Large-scale Data via Adaptive Logarithmic Queries},
	author={Kov{\'a}cs, Solt and Li, Housen and Haubner, Lorenz and Munk, Axel and B{\"u}hlmann, Peter},
	journal={Journal of Machine Learning Research},
	volume={25},
	number={297},
	pages={1--64},
	year={2024}
}
@article{Kozek1987,
	title={Limiting distributions of Kolmogorov-L{\'e}vy-type statistics under the alternative},
	author={Kozek, Andrzej},
	journal={Canadian Journal of Statistics},
	volume={15},
	number={1},
	pages={77--85},
	year={1987},
	publisher={Wiley Online Library}
}
@article{Kozek1998,
	title={Theory and methods: on minimum distance estimation using Kolmogorov-L{\'e}vy type metrics},
	author={Kozek, Andrzej S},
	journal={Australian \& New Zealand Journal of Statistics},
	volume={40},
	number={3},
	pages={317--334},
	year={1998},
	publisher={Wiley Online Library}
}
@book{Ledoux&Talagrand1991,
	title={Probability in Banach Spaces: isoperimetry and processes},
	author={Ledoux, Michel and Talagrand, Michel},
	volume={23},
	year={1991},
	publisher={Springer Science \& Business Media}
}
@article{Lember2003,
	title={On minimizing sequences for k-centres},
	author={Lember, J{\"u}ri},
	journal={Journal of Approximation Theory},
	volume={120},
	number={1},
	pages={20--35},
	year={2003},
	publisher={Elsevier}
}
@article{Leonard&Taylor1983,
	title={Supremum norm differentiability},
	author={Leonard, IE and Taylor, KF},
	journal={International Journal of Mathematics and Mathematical Sciences},
	volume={6},
	number={4},
	pages={705--713},
	year={1983},
	publisher={Hindawi}
}
@article{Leonard&Taylor1985,
	title={Essential supremum norm differentiability},
	author={Leonard, IE and Taylor, KF},
	journal={International Journal of Mathematics and Mathematical Sciences},
	volume={8},
	number={3},
	pages={433--439},
	year={1985},
	publisher={Hindawi}
}
@article{Li&Flury1995,
	title={Uniqueness of principal points for univariate distributions},
	author={Li, Luning and Flury, Bernard},
	journal={Statistics \& probability letters},
	volume={25},
	number={4},
	pages={323--327},
	year={1995},
	publisher={Elsevier}
}
@article{Lilliefors1967,
	title={On the Kolmogorov-Smirnov test for normality with mean and variance unknown},
	author={Lilliefors, Hubert W},
	journal={Journal of the American statistical Association},
	volume={62},
	number={318},
	pages={399--402},
	year={1967},
	publisher={Taylor \& Francis}
}
@article{Lindvall1973,
	title={Weak convergence of probability measures and random functions in the function space D [0,∞},
	author={Lindvall, Torgny},
	journal={Journal of Applied Probability},
	volume={10},
	number={1},
	pages={109--121},
	year={1973},
	publisher={Cambridge University Press}
}
@inproceedings{Liu2020,
	title={Learning deep kernels for non-parametric two-sample tests},
	author={Liu, Feng and Xu, Wenkai and Lu, Jie and Zhang, Guangquan and Gretton, Arthur and Sutherland, Danica J},
	booktitle={International conference on machine learning},
	pages={6316--6326},
	year={2020},
	organization={PMLR}
}
@article{Lu2017,
	title={Optimal Transport for Deep Joint Transfer Learning},
	author={Lu, Ying and Chen, Liming and Saidi, Alexandre},
	journal={arXiv preprint arXiv:1709.02995},
	year={2017}
}
@article{Marcus1985,
	title={Relationships between Donsker classes and Sobolev spaces},
	author={Marcus, David J},
	journal={Zeitschrift f{\"u}r Wahrscheinlichkeitstheorie und Verwandte Gebiete},
	volume={69},
	number={3},
	pages={323--330},
	year={1985},
	publisher={Springer}
}
@article{Mesfioui2009,
	title={On a new goodness-of-fit process for families of copulas},
	author={Mesfioui, Mhamed and Quessy, Jean-Fran{\c{c}}ois and Toupin, Marie-H{\'e}l{\`e}ne},
	journal={Canadian Journal of Statistics},
	volume={37},
	number={1},
	pages={80--101},
	year={2009},
	publisher={Wiley Online Library}
}
@article{Monge1781,
	title={M{\'e}moire sur la th{\'e}orie des d{\'e}blais et des remblais},
	author={Monge, Gaspard},
	journal={Mem. Math. Phys. Acad. Royale Sci.},
	pages={666--704},
	year={1781}
}
@article{Morissette2013,
	title={The k-means clustering technique: General considerations and implementation in Mathematica},
	author={Morissette, Laurence and Chartier, Sylvain},
	journal={Tutorials in Quantitative Methods for Psychology},
	volume={9},
	number={1},
	pages={15--24},
	year={2013}
}
@article{Muller1997,
	title={Integral probability metrics and their generating classes of functions},
	author={M{\"u}ller, Alfred},
	journal={Advances in {A}pplied {P}robability},
	volume={29},
	number={2},
	pages={429--443},
	year={1997},
	publisher={Cambridge University Press}
}
@article{Neininger&Ruschendorf2004a,
	title={A general limit theorem for recursive algorithms and combinatorial structures},
	author={Neininger, Ralph and R{\"u}schendorf, Ludger},
	journal={The Annals of Applied Probability},
	volume={14},
	number={1},
	pages={378--418},
	year={2004},
	publisher={Institute of Mathematical Statistics}
}
@article{Neininger&Ruschendorf2004b,
	title={On the contraction method with degenerate limit equation},
	author={Neininger, Ralph and R{\"u}schendorf, Ludger},
	journal={Annals of probability},
	volume={32},
	number={3B},
	pages={2838--2856},
	year={2004}
}
@article{Neuhaus1971,
	title={On weak convergence of stochastic processes with multidimensional time parameter},
	author={Neuhaus, Georg},
	journal={The Annals of Mathematical Statistics},
	volume={42},
	number={4},
	pages={1285--1295},
	year={1971},
	publisher={Institute of Mathematical Statistics}
}
@article{Nickl&Potscher2007,
	title={Bracketing metric entropy rates and empirical central limit theorems for function classes of Besov-and Sobolev-type},
	author={Nickl, Richard and P{\"o}tscher, Benedikt M},
	journal={Journal of Theoretical Probability},
	volume={20},
	pages={177--199},
	year={2007},
	publisher={Springer}
}
@article{Nutz2021,
	title={Introduction to entropic optimal transport},
	author={Nutz, Marcel},
	journal={Lecture notes, Columbia University},
	year={2021},
	url={https://www.math.columbia.edu/~mnutz/docs/EOT_lecture_notes.pdf}
}
@article{Pal2024,
	title={On the difference between entropic cost and the optimal transport cost},
	author={Pal, Soumik},
	journal={The Annals of Applied Probability},
	volume={34},
	number={1B},
	pages={1003--1028},
	year={2024},
	publisher={Institute of Mathematical Statistics}
}
@article{Parr1985,
	title={The bootstrap: some large sample theory and connections with robustness},
	author={Parr, William C},
	journal={Statistics \& probability letters},
	volume={3},
	number={2},
	pages={97--100},
	year={1985},
	publisher={Elsevier}
}
@book{Paulsen2016,
	title={An Introduction to the Theory of Reproducing Kernel Hilbert Spaces},
	author={Paulsen, V.I. and Raghupathi, M.},
	isbn={9781316558737},
	series={Cambridge Studies in Advanced Mathematics},
	%	url={https://books.google.es/books?id=QDvzCwAAQBAJ},
	year={2016},
	publisher={Cambridge University Press}
}
@article{Pettis1938,
	title={On Integration in Vector Spaces},
	author={Pettis, BJ},
	journal={Transactions of the American Mathematical Society},
	volume={44},
	number={2},
	pages={277--304},
	year={1938},
	publisher={JSTOR}
}
@article{Pollard1980,
	title={The minimum distance method of testing},
	author={Pollard, David},
	journal={Metrika},
	volume={27},
	number={1},
	pages={43--70},
	year={1980},
	publisher={Physica-Verlag Heidelberg}
}
@article{Pollard1981,
	title={Strong consistency of k-means clustering},
	author={Pollard, David},
	journal={The Annals of Statistics},
	pages={135--140},
	year={1981},
	publisher={JSTOR}
}
@article{Pollard1982,
	title={A central limit theorem for $k$-means clustering},
	author={Pollard, David},
	journal={The Annals of Probability},
	volume={10},
	number={4},
	pages={919--926},
	year={1982},
	publisher={Institute of Mathematical Statistics}
}
@incollection{Pollard1984,
	title={Convergence in Distribution in Euclidean Spaces},
	author={Pollard, David},
	booktitle={Convergence of Stochastic Processes},
	pages={43--63},
	year={1984},
	publisher={Springer}
}
@article{Pomann2016,
	title={A two sample distribution-free test for functional data with application to a diffusion tensor imaging study of multiple sclerosis},
	author={Pomann, Gina-Maria and Staicu, Ana-Maria and Ghosh, Sujit},
	journal={Journal of the Royal Statistical Society. Series C, Applied Statistics},
	volume={65},
	number={3},
	pages={395},
	year={2016},
	publisher={NIH Public Access}
}
@book{Rachev2013,
	title={The methods of distances in the theory of probability and statistics},
	author={Rachev, Svetlozar T and Klebanov, Lev B and Stoyanov, Stoyan V and Fabozzi, Frank},
	volume={10},
	year={2013},
	publisher={Springer}
}
@article{Raghavachari1973,
	title={Limiting distributions of Kolmogorov-Smirnov type statistics under the alternative},
	author={Raghavachari, M},
	journal={The Annals of Statistics},
	volume={1},
	number={1},
	pages={67--73},
	year={1973},
	publisher={Institute of Mathematical Statistics}
}
@book{Rao1997,
	title={Real and Stochastic AnalysisRecent Advances},
	author={Rao, Malempati Madhusudana},
	volume={8},
	year={1997},
	publisher={CRC Press}
}
@Manual{EnergyPackage2022,
	title = {energy: E-Statistics: Multivariate Inference via the Energy of Data},
	author = {Maria Rizzo and Gabor Szekely},
	year = {2022},
	note = {R package version 1.7-10},
	url = {https://CRAN.R-project.org/package=energy},
}
@book{Rice1995,
	title={Mathematical Statistics and Data Analysis},
	author={Rice, J.A.},
	isbn={9780534209346},
	lccn={93028340},
	series={Duxbury advanced series},
	%	url={https://books.google.es/books?id=bIkQAQAAIAAJ},
	year={1995},
	publisher={Duxbury Press}
}
@article{Rigollet&Stromme2025,
	title={On the sample complexity of entropic optimal transport},
	author={Rigollet, Philippe and Stromme, Austin J},
	journal={The Annals of Statistics},
	volume={53},
	number={1},
	pages={61--90},
	year={2025},
	publisher={Institute of Mathematical Statistics}
}
@article{Romisch2004,
	title={Delta Method, Infinite Dimensional},
	author={R{\"o}misch, Werner},
	journal={Encyclopedia of Statistical Sciences},
	volume={3},
	year={2004},
	publisher={Wiley Online Library}
}
@article{Rubinstein&Simma2012,
	title={On the stability of empirical risk minimization in the presence of multiple risk minimizers},
	author={Rubinstein, Benjamin IP and Simma, Aleksandr},
	journal={IEEE transactions on information theory},
	volume={58},
	number={7},
	pages={4160--4163},
	year={2012},
	publisher={IEEE}
}
@article{Rubner2000,
	title={The earth mover's distance as a metric for image retrieval},
	author={Rubner, Yossi and Tomasi, Carlo and Guibas, Leonidas J},
	journal={International journal of computer vision},
	volume={40},
	number={2},
	pages={99},
	year={2000},
	publisher={Springer Nature BV}
}
@book{Santambrogio2015,
	title={Optimal transport for applied mathematicians},
	author={Santambrogio, Filippo},
	volume={87},
	year={2015},
	publisher={Springer}
}
@article{Schmitz2018,
	title={Wasserstein dictionary learning: Optimal transport-based unsupervised nonlinear dictionary learning},
	author={Schmitz, Morgan A and Heitz, Matthieu and Bonneel, Nicolas and Ngole, Fred and Coeurjolly, David and Cuturi, Marco and Peyr{\'e}, Gabriel and Starck, Jean-Luc},
	journal={SIAM Journal on Imaging Sciences},
	volume={11},
	number={1},
	pages={643--678},
	year={2018},
	publisher={SIAM}
}
@article{Schmoyer1988,
	title={Linear interpolation with a nonparametric accelerated failure-time model},
	author={Schmoyer, Richard L},
	journal={Journal of the American Statistical Association},
	volume={83},
	number={402},
	pages={441--449},
	year={1988},
	publisher={Taylor \& Francis}
}
@book{Scholkopf&Smola2018,
	title={Learning with kernels: support vector machines, regularization, optimization, and beyond},
	author={Scholkopf, Bernhard and Smola, Alexander J},
	year={2018},
	publisher={MIT press}
}
@article{Schrieber2016,
	title={Dotmark--a benchmark for discrete optimal transport},
	author={Schrieber, J{\"o}rn and Schuhmacher, Dominic and Gottschlich, Carsten},
	journal={IEEE Access},
	volume={5},
	pages={271--282},
	year={2016},
	publisher={IEEE}
}
@article{Segers2012,
	title={Asymptotics of empirical copula processes under non-restrictive smoothness assumptions},
	author={Segers, Johan},
	journal={Bernoulli},
	volume={18},
	number={3},
	pages={764--782},
	year={2012},
	publisher={Citeseer}
}
@article{Seijo&Sen2011,
	title={A continuous mapping theorem for the smallest argmax functional},
	author={Seijo, Emilio and Sen, Bodhisattva},
	journal={Electronic Journal of Statistics},
	volume={5},
	pages={421--439},
	year={2011},
	publisher={Citeseer}
}
@article{Sejdinovic2013,
	title={Equivalence of distance-based and RKHS-based statistics in hypothesis testing},
	author={Sejdinovic, Dino and Sriperumbudur, Bharath and Gretton, Arthur and Fukumizu, Kenji},
	journal={The annals of statistics},
	pages={2263--2291},
	year={2013},
	publisher={JSTOR}
}
@book{Serfling2009,
	title={Approximation Theorems of Mathematical Statistics},
	author={Serfling, R.J.},
	isbn={9780470317198},
	lccn={80013493},
	series={Wiley Series in Probability and Statistics},
	%	url={https://books.google.es/books?id=enUouJ4EHzQC},
	year={2009},
	publisher={Wiley}
}
@book{Shaked&Shanthikumar2007,
	title={Stochastic orders},
	author={Shaked, Moshe and Shanthikumar, J George},
	year={2007},
	publisher={Springer}
}
@article{Shapiro1990,
	title={On concepts of directional differentiability},
	author={Shapiro, Alexander},
	journal={Journal of {O}ptimization {T}heory and {A}pplications},
	volume={66},
	pages={477--487},
	year={1990},
	publisher={Citeseer}
}
@article{Shapiro1991,
	title={Asymptotic analysis of stochastic programs},
	author={Shapiro, Alexander},
	journal={Annals of Operations Research},
	volume={30},
	pages={169--186},
	year={1991},
	publisher={Springer}
}
@book{Shorack&Wellner2009,
	title={Empirical processes with applications to statistics},
	author={Shorack, Galen R and Wellner, Jon A},
	year={2009},
	publisher={SIAM}
}
@inproceedings{Smola2007,
	title={A Hilbert space embedding for distributions},
	author={Smola, Alex and Gretton, Arthur and Song, Le and Sch{\"o}lkopf, Bernhard},
	booktitle={International conference on algorithmic learning theory},
	pages={13--31},
	year={2007},
	organization={Springer}
}
@article{Sommerfeld&Munk2018,
	title={Inference for empirical {W}asserstein distances on finite spaces},
	author={Sommerfeld, Max and Munk, Axel},
	journal={Journal of the Royal Statistical Society. Series B (Statistical Methodology)},
	volume={80},
	number={1},
	pages={219--238},
	year={2018},
	publisher={JSTOR}
}
@article{Sommerfeld2019,
	title={Optimal transport: Fast probabilistic approximation with exact solvers},
	author={Sommerfeld, Max and Schrieber, J{\"o}rn and Zemel, Yoav and Munk, Axel},
	journal={Journal of Machine Learning Research},
	volume={20},
	number={105},
	pages={1--23},
	year={2019}
}
@article{Sriperumbudur2010,
	title={Hilbert space embeddings and metrics on probability measures},
	author={Bharath K. Sriperumbudur and Arthur Gretton and Kenji Fukumizu and Bernhard Sch{\"o}lkopf and Gert R.G. Lanckriet},
	journal={The Journal of Machine Learning Research},
	volume={11},
	pages={1517--1561},
	year={2010},
	publisher={JMLR. org}
}
@inproceedings{Sriperumbudur2011a,
	title={Mixture density estimation via Hilbert space embedding of measures},
	author={Bharath K. Sriperumbudur},
	booktitle={2011 IEEE International Symposium on Information Theory Proceedings},
	pages={1027--1030},
	year={2011},
	organization={IEEE}
}
@article{Sriperumbudur2011b,
	title={Universality, Characteristic Kernels and RKHS Embedding of Measures.},
	author={Bharath K. Sriperumbudur and Kenji Fukumizu and Gert R.G. Lanckriet},
	journal={Journal of Machine Learning Research},
	volume={12},
	number={7},
	year={2011}
}
@article{Sriperumbudur2012,
	title={On the empirical estimation of integral probability metrics},
	author={Bharath K. Sriperumbudur and Kenji Fukumizu and Arthur Gretton and Bernhard Sch{\"o}lkopf and Gert R.G. Lanckriet},
	journal={Electronic Journal of Statistics},
	volume={6},
	pages={1550--1599},
	year={2012}
}
@article{Sriperumbudur2016,
	title={On the optimal estimation of probability measures in weak and strong topologies},
	author={Bharath K. Sriperumbudur},
	journal={Bernoulli},
	volume={22},
	number={3},
	pages={1839--1893},
	year={2016},
	publisher={International Statistical Institute}
}
@article{Stefanski&Boos2002,
	title={The calculus of M-estimation},
	author={Stefanski, Leonard A and Boos, Dennis D},
	journal={The American Statistician},
	volume={56},
	number={1},
	pages={29--38},
	year={2002},
	publisher={Taylor \& Francis}
}
@article{Szekely&Rizzo2017,
	title={The energy of data},
	author={Sz{\'e}kely, G{\'a}bor J and Rizzo, Maria L},
	journal={Annual Review of Statistics and Its Application},
	volume={4},
	pages={447--479},
	year={2017},
	publisher={Annual Reviews}
}
@article{Tameling2021,
	title={Colocalization for super-resolution microscopy via optimal transport},
	author={Tameling, Carla and Stoldt, Stefan and Stephan, Till and Naas, Julia and Jakobs, Stefan and Munk, Axel},
	journal={Nature {C}omputational {S}cience},
	volume={1},
	number={3},
	pages={199--211},
	year={2021},
	publisher={Nature Publishing Group US New York}
}
@article{Tarpey1994,
	title={Two principal points of symmetric, strongly unimodal distributions},
	author={Tarpey, Thaddeus},
	journal={Statistics \& Probability Letters},
	volume={20},
	number={4},
	pages={253--257},
	year={1994},
	publisher={Elsevier}
}
@article{Telgarsky&Dasgupta2013,
	title={Moment-based Uniform Deviation Bounds for $ k $-means and Friends},
	author={Telgarsky, Matus J and Dasgupta, Sanjoy},
	journal={Advances in Neural Information Processing Systems},
	volume={26},
	year={2013}
}
@article{Trushkin1982,
	title={Sufficient conditions for uniqueness of a locally optimal quantizer for a class of convex error weighting functions},
	author={Trushkin, A},
	journal={IEEE Transactions on Information Theory},
	volume={28},
	number={2},
	pages={187--198},
	year={1982},
	publisher={IEEE}
}
@article{Tukey1959,
	title={A quick compact two sample test to Duckworth's specifications},
	author={Tukey, John W},
	journal={Technometrics},
	volume={1},
	number={1},
	pages={31--48},
	year={1959},
	publisher={Taylor \& Francis}
}
@book{Vanderbei2020,
	title={Linear Programming: Foundations and Extensions},
	author={Vanderbei, Robert J},
	volume={285},
	year={2020},
	publisher={Springer Nature}
}
@book{van_der_Vaart2000,
	title={Asymptotic statistics},
	author={van der Vaart, Aad W},
	volume={3},
	year={2000},
	publisher={Cambridge university press}
}
@book{van_der_Vaart&Wellner1996,
	title={Weak Convergence and Empirical Processes: With Applications to Statistics},
	author={van der Vaart, A.W. and Wellner, J.A.},
	year={1996},
	publisher={Springer}
}
@book{van_der_Vaart&Wellner2023,
	title={Weak {C}onvergence and {E}mpirical {P}rocesses: {W}ith {A}pplications to {S}tatistics},
	author={van der Vaart, A. W. and Wellner, J. A.},
	isbn={9783031290404},
	series={Springer Series in Statistics},
	%	url={https://books.google.es/books?id=vfzKEAAAQBAJ},
	year={2023},
	edition={2},
	publisher={Springer International Publishing}
}
@book{Vapnik2013,
	title={The {N}ature of {S}tatistical {L}earning {T}heory},
	author={Vapnik, Vladimir},
	year={1999},
	publisher={Springer science \& business media}
}
@book{Villani2008,
	title={Optimal Transport: Old and New},
	author={Villani, C.},
	isbn={9783540710509},
	lccn={2008932183},
	series={Grundlehren der mathematischen Wissenschaften},
	%	url={https://books.google.es/books?id=hV8o5R7\_5tkC},
	year={2008},
	publisher={Springer Berlin Heidelberg}
}
@article{von_Luxburg2010,
	title={Clustering stability: an overview},
	author={Von Luxburg, Ulrike and others},
	journal={Foundations and Trends{\textregistered} in Machine Learning},
	volume={2},
	number={3},
	pages={235--274},
	year={2010},
	publisher={Now Publishers, Inc.}
}
@article{von_Mises1947,
	title={On the asymptotic distribution of differentiable statistical functions},
	author={von Mises, R},
	journal={The annals of mathematical statistics},
	volume={18},
	number={3},
	pages={309--348},
	year={1947},
	publisher={JSTOR}
}
@article{von_Mises1964,
	title={Mathematical Theory of Probability and Statistics},
	author={von Mises, R},
	journal={Mathematical Theory of Probability and Statistics},
	year={1964}
}
@inproceedings{Wellner&Koltchinskii2003,
	title={A note on the asymptotic distribution of berk—jones type statistics under the null hypothesis},
	author={Wellner, Jon A and Koltchinskii, Vladimir},
	booktitle={High Dimensional Probability III},
	pages={321--332},
	year={2003},
	organization={Springer}
}
@book{Wendland2004,
	title={Scattered data approximation},
	author={Wendland, Holger},
	volume={17},
	year={2004},
	publisher={Cambridge university press}
}
@article{Wynne&Duncan2022,
	title={A kernel two-sample test for functional data},
	author={Wynne, George and Duncan, Andrew B},
	journal={Journal of Machine Learning Research},
	volume={23},
	number={73},
	pages={1--51},
	year={2022}
}
@book{Zeidler2012,
	title={Applied {F}unctional {A}nalysis: {M}ain {P}rinciples and {T}heir {A}pplications},
	author={Zeidler, E.},
	isbn={9781461208211},
	lccn={94043219},
	series={Applied {M}athematical {S}ciences},
	url={https://books.google.de/books?id=abvkBwAAQBAJ},
	year={2012},
	publisher={Springer {N}ew {Y}ork}
}
@book{Zhang2014,
	title={Analysis of variance for functional data},
	author={Jin-Ting Zhang},
	year={2013},
	publisher={CRC press}
}
@article{Zhang&Smaga2022,
	title={Two-sample test for equal distributions in separate metric space: New maximum mean discrepancy based approaches},
	author={Jin-Ting Zhang and {\L}ukasz Smaga},
	journal={Electronic Journal of Statistics},
	volume={16},
	number={2},
	pages={4090--4132},
	year={2022},
	publisher={The Institute of Mathematical Statistics and the Bernoulli Society}
}
@article{ZhangZhao2013,
	title={On the inclusion relation of reproducing kernel Hilbert spaces},
	author={Haizhang Zhang and Liang Zhao},
	journal={Analysis and Applications},
	volume={11},
	number={02},
	pages={1350014},
	year={2013},
	publisher={World Scientific}
}
@article{Zhang&Zhou2022,
	title={Testing equality of several distributions in separable metric spaces: A maximum mean discrepancy based approach},
	author={Jin-Ting Zhang and Jia Guo and Bu Zhou},
	journal={Journal of Econometrics},
	year={2022},
	publisher={Elsevier}
}
@article{Zolotarev1983,
	title={Probability metrics},
	author={Zolotarev, Vladimir Mikhailovich},
	journal={Teoriya Veroyatnostei i ee Primeneniya},
	volume={28},
	number={2},
	pages={264--287},
	year={1983},
	publisher={Russian Academy of Sciences, Steklov Mathematical Institute of Russian~…}
}
@article{Zoppe1997,
	title={On uniqueness and symmetry of self-consistent points of univariate continuous distributions},
	author={Zoppe, Alice},
	journal={Journal of classification},
	volume={14},
	number={1},
	pages={147--158},
	year={1997}
}
%-------------------------------------------------------------------------------




@article{flamary2021pot,
  author  = {R{\'e}mi Flamary and Nicolas Courty and Alexandre Gramfort and Mokhtar Z. Alaya and Aur{\'e}lie Boisbunon and Stanislas Chambon and Laetitia Chapel and Adrien Corenflos and Kilian Fatras and Nemo Fournier and L{\'e}o Gautheron and Nathalie T.H. Gayraud and Hicham Janati and Alain Rakotomamonjy and Ievgen Redko and Antoine Rolet and Antony Schutz and Vivien Seguy and Danica J. Sutherland and Romain Tavenard and Alexander Tong and Titouan Vayer},
  title   = {POT: Python Optimal Transport},
  journal = {Journal of Machine Learning Research},
  year    = {2021},
  volume  = {22},
  number  = {78},
  pages   = {1-8},
  url     = {http://jmlr.org/papers/v22/20-451.html}
}

@article{sahl2017fluorescence,
  title={Fluorescence nanoscopy in cell biology},
  author={Sahl, Steffen J and Hell, Stefan W and Jakobs, Stefan},
  journal={Nature reviews Molecular cell biology},
  volume={18},
  number={11},
  pages={685--701},
  year={2017},
  publisher={Nature Publishing Group UK London}
}

@article{klar2000fluorescence,
  title={Fluorescence microscopy with diffraction resolution barrier broken by stimulated emission},
  author={Klar, Thomas A and Jakobs, Stefan and Dyba, Marcus and Egner, Alexander and Hell, Stefan W},
  journal={Proceedings of the National Academy of Sciences},
  volume={97},
  number={15},
  pages={8206--8210},
  year={2000},
  publisher={National Acad Sciences}
}

@article{adler2010quantifying,
  title={Quantifying colocalization by correlation: the Pearson correlation coefficient is superior to the Mander's overlap coefficient},
  author={Adler, Jeremy and Parmryd, Ingela},
  journal={Cytometry Part A},
  volume={77},
  number={8},
  pages={733--742},
  year={2010},
  publisher={Wiley Online Library}
}

@article{zinchuk2014quantitative,
  title={Quantitative colocalization analysis of fluorescence microscopy imagest},
  author={Zinchuk, Vadim and Grossenbacher-Zinchuk, Olga},
  journal={Current protocols in cell biology},
  volume={62},
  number={1},
  pages={4.19.1--4.19.4},
  year={2014},
  publisher={Wiley Online Library},
  doi={10.1002/0471143030.cb0419s62}
}

@article{hell2007far,
  title={Far-field optical nanoscopy},
  author={Hell, Stefan W},
  journal={science},
  volume={316},
  number={5828},
  pages={1153--1158},
  year={2007},
  publisher={American Association for the Advancement of Science}
}

@article{manders1993measurement,
  title={Measurement of co-localization of objects in dual-colour confocal images},
  author={Manders, Erik MM and Verbeek, FJ and Aten, JA},
  journal={Journal of microscopy},
  volume={169},
  number={3},
  pages={375--382},
  year={1993},
  publisher={Wiley Online Library}
}

@article{farsani2021co,
  title={Co-localization analysis in fluorescence microscopy via maximum entropy copula},
  author={Farsani, Zahra Amini and Schmid, Volker J},
  journal={The International Journal of Biostatistics},
  volume={17},
  number={1},
  pages={165--175},
  year={2021},
  publisher={De Gruyter}
}

@article{seefelder2024proteincoloc,
  title={ProteinCoLoc streamlines Bayesian analysis of colocalization in microscopic images},
  author={Seefelder, Manuel and Kochanek, Stefan and Klein, Fabrice AC},
  journal={Scientific Reports},
  volume={14},
  number={1},
  pages={13277},
  year={2024},
  publisher={Nature Publishing Group UK London}
}

@article{heinemann2022randomized,
  title={Randomized Wasserstein barycenter computation: Resampling with statistical guarantees},
  author={Heinemann, Florian and Munk, Axel and Zemel, Yoav},
  journal={SIAM Journal on Mathematics of Data Science},
  volume={4},
  number={1},
  pages={229--259},
  year={2022},
  publisher={SIAM}
}

@book{mardia2009directional,
  title={Directional statistics},
  author={Mardia, Kanti V and Jupp, Peter E},
  year={2009},
  publisher={John Wiley \& Sons}
}

@software{carla_tameling_2021,
  author       = {Carla Tameling and
                  Julia Naas},
  title        = {ctameling/OTC: Optimal Transport Colocalization},
  month        = feb,
  year         = 2021,
  publisher    = {Zenodo},
  version      = {v1.0},
  doi          = {10.5281/zenodo.4553632},
  url          = {https://doi.org/10.5281/zenodo.4553632},
}